@book{Dalgaard2008,
   author = {Peter Dalgaard},
   city = {New York, NY},
   doi = {10.1007/978-0-387-79054-1},
   isbn = {978-0-387-79053-4},
   publisher = {Springer New York},
   title = {{Introductory Statistics with R}},
   year = {2008},
}
